


%%%%%%%%%%%%%%%%%%%%%%%%%%%%%%%%%%%%%%%%%%%%%%%%%%%%%
%%%%%%%%%%				 Clouds General  			 %%%%%%%%%%%%
%%%%%%%%%%%%%%%%%%%%%%%%%%%%%%%%%%%%%%%%%%%%%%%%%%%%%



@article{armbrust2010view,
  title={A view of cloud computing},
  author={Armbrust, Michael and Fox, Armando and Griffith, Rean and Joseph, Anthony D and Katz, Randy and Konwinski, Andy and Lee, Gunho and Patterson, David and Rabkin, Ariel and Stoica, Ion and others},
  journal={Communications of the ACM},
  volume={53},
  number={4},
  pages={50--58},
  year={2010},
  publisher={ACM}
}

@article{buyya2009cloud,
  title={Cloud computing and emerging IT platforms: Vision, hype, and reality for delivering computing as the 5th utility},
  author={Buyya, Rajkumar and Yeo, Chee Shin and Venugopal, Srikumar and Broberg, James and Brandic, Ivona},
  journal={Future Generation computer systems},
  volume={25},
  number={6},
  pages={599--616},
  year={2009},
  publisher={Elsevier}
}

@inproceedings{breskovic2011towards,
  title={Towards self-awareness in cloud markets: A monitoring methodology},
  author={Breskovic, Ivan and Haas, Christian and Caton, Simon and Brandic, Ivona},
  booktitle={Dependable, Autonomic and Secure Computing (DASC), 2011 IEEE Ninth International Conference on},
  pages={81--88},
  year={2011},
  organization={IEEE}
}

@inproceedings{brandic2009towards,
  title={Towards self-manageable cloud services},
  author={Brandic, Ivona},
  booktitle={Computer Software and Applications Conference, 2009. COMPSAC'09. 33rd Annual IEEE International},
  volume={2},
  pages={128--133},
  year={2009},
  organization={IEEE}
}



%%%%%%%%%%%%%%%%%%%%%%%%%%%%%%%%%%%%%%%%%%%%%%%%%%%
%%%%%%%%%%				 VM Migrations			 %%%%%%%%%%%%
%%%%%%%%%%%%%%%%%%%%%%%%%%%%%%%%%%%%%%%%%%%%%%%%%%%



@article{liu2013performance,
  title={Performance and energy modeling for live migration of virtual machines},
  author={Liu, Haikun and Jin, Hai and Xu, Cheng-Zhong and Liao, Xiaofei},
  journal={Cluster computing},
  volume={16},
  number={2},
  pages={249--264},
  year={2013},
  publisher={Springer}
}

@article{xiao2013dynamic,
  title={Dynamic resource allocation using virtual machines for cloud computing environment},
  author={Xiao, Zhen and Song, Weijia and Chen, Qi},
  journal={Parallel and Distributed Systems, IEEE Transactions on},
  volume={24},
  number={6},
  pages={1107--1117},
  year={2013},
  publisher={IEEE}
}

@article{mishra2012dynamic,
  title={Dynamic resource management using virtual machine migrations},
  author={Mishra, Mayank and Das, Anwesha and Kulkarni, Purushottam and Sahoo, Anirudha},
  journal={Communications Magazine, IEEE},
  volume={50},
  number={9},
  pages={34--40},
  year={2012},
  publisher={IEEE}
}

@incollection{buchbinder2011online,
  title={Online job-migration for reducing the electricity bill in the cloud},
  author={Buchbinder, Niv and Jain, Navendu and Menache, Ishai},
  booktitle={NETWORKING 2011},
  pages={172--185},
  year={2011},
  publisher={Springer}
}

@inproceedings{shrivastava2011application,
  title={Application-aware virtual machine migration in data centers},
  author={Shrivastava, Vivek and Zerfos, Petros and Lee, Kang-Won and Jamjoom, Hani and Liu, Yew-Huey and Banerjee, Suman},
  booktitle={INFOCOM, 2011 Proceedings IEEE},
  pages={66--70},
  year={2011},
  organization={IEEE}
}

@article{liu2011live,
  title={Live virtual machine migration via asynchronous replication and state synchronization},
  author={Liu, Haikun and Jin, Hai and Liao, Xiaofei and Yu, Chen and Xu, Cheng-Zhong},
  journal={parallel and distributed Systems, IEEE Transactions on},
  volume={22},
  number={12},
  pages={1986--1999},
  year={2011},
  publisher={IEEE}
}

@inproceedings{celesti2010improving,
  title={Improving virtual machine migration in federated cloud environments},
  author={Celesti, Antonio and Tusa, Francesco and Villari, Massimo and Puliafito, Antonio},
  booktitle={Evolving Internet (INTERNET), 2010 Second International Conference on},
  pages={61--67},
  year={2010},
  organization={IEEE}
}

@inproceedings{akoush2010predicting,
  title={Predicting the performance of virtual machine migration},
  author={Akoush, Sherif and Sohan, Ripduman and Rice, Andrew and Moore, Andrew W and Hopper, Andy},
  booktitle={Modeling, Analysis \& Simulation of Computer and Telecommunication Systems (MASCOTS), 2010 IEEE International Symposium on},
  pages={37--46},
  year={2010},
  organization={IEEE}
}

@inproceedings{malet2010resource,
  title={Resource allocation across multiple cloud data centres},
  author={Malet, Barnaby and Pietzuch, Peter},
  booktitle={Proceedings of the 8th International Workshop on Middleware for Grids, Clouds and e-Science},
  pages={5},
  year={2010},
  organization={ACM}
}

@inproceedings{agarwal2010volley,
  title={Volley: Automated Data Placement for Geo-Distributed Cloud Services.},
  author={Agarwal, Sharad and Dunagan, John and Jain, Navendu and Saroiu, Stefan and Wolman, Alec and Bhogan, Harbinder},
  booktitle={NSDI},
  pages={17--32},
  year={2010}
}

@misc{nelson2009virtual,
  title={Virtual machine migration},
  author={Nelson, Michael},
  year={2009},
  month=jan # "~27",
  publisher={Google Patents},
  note={US Patent 7,484,208}
}



%%%%%%%%%%%%%%%%%%%%%%%%%%%%%%%%%%%%%%%%%%%%%%%%%%%%%
%%%%%%%%%%				 Cloud Management			 %%%%%%%%%%%%
%%%%%%%%%%%%%%%%%%%%%%%%%%%%%%%%%%%%%%%%%%%%%%%%%%%%%


@inproceedings{pawar2012priority,
  title={Priority based dynamic resource allocation in cloud computing},
  author={Pawar, Chandrashekhar S and Wagh, Rajnikant B},
  booktitle={Cloud and Services Computing (ISCOS), 2012 International Symposium on},
  pages={1--6},
  year={2012},
  organization={IEEE}
}

@incollection{luvcanin2014energy,
  title={Energy-aware cloud management through progressive sla specification},
  author={Lu{\v{c}}anin, Dra{\v{z}}en and Jrad, Foued and Brandic, Ivona and Streit, Achim},
  booktitle={Economics of Grids, Clouds, Systems, and Services},
  pages={83--98},
  year={2014},
  publisher={Springer}
}



%%%%%%%%%%%%%%%%%%%%%%%%%%%%%%%%%%%%%%%%%%%%%%%%%%%%%
%%%%%%%%%%				 Power Management			 %%%%%%%%%%%%
%%%%%%%%%%%%%%%%%%%%%%%%%%%%%%%%%%%%%%%%%%%%%%%%%%%%%



@inproceedings{horvath2008multi,
  title={Multi-mode energy management for multi-tier server clusters},
  author={Horvath, Tibor and Skadron, Kevin},
  booktitle={Proceedings of the 17th international conference on Parallel architectures and compilation techniques},
  pages={270--279},
  year={2008},
  organization={ACM}
}


@article{Meisner:2011:PSA:1925109.1925112,
 author = {Meisner, David and Gold, Brian T. and Wenisch, Thomas F.},
 title = {The PowerNap Server Architecture},
 journal = {ACM Trans. Comput. Syst.},
 issue_date = {February 2011},
 volume = {29},
 number = {1},
 month = feb,
 year = {2011},
 issn = {0734-2071},
 pages = {3:1--3:24},
 articleno = {3},
 numpages = {24},
 url = {http://doi.acm.org/10.1145/1925109.1925112},
 doi = {10.1145/1925109.1925112},
 acmid = {1925112},
 publisher = {ACM},
 address = {New York, NY, USA},
 keywords = {Power management, servers},
}



%%%%%%%%%%%%%%%%%%%%%%%%%%%%%%%%%%%%%%%%%%%%%%%%%%%%%%%
%%%%%%%%%%				 Energy Efficiency 			 %%%%%%%%%%%%
%%%%%%%%%%%%%%%%%%%%%%%%%%%%%%%%%%%%%%%%%%%%%%%%%%%%%%%



@inproceedings{beloglazov2010energy,
  title={Energy efficient resource management in virtualized cloud data centers},
  author={Beloglazov, Anton and Buyya, Rajkumar},
  booktitle={Proceedings of the 2010 10th IEEE/ACM International Conference on Cluster, Cloud and Grid Computing},
  pages={826--831},
  year={2010},
  organization={IEEE Computer Society}
}

@article{lee2012energy,
  title={Energy efficient utilization of resources in cloud computing systems},
  author={Lee, Young Choon and Zomaya, Albert Y},
  journal={The Journal of Supercomputing},
  volume={60},
  number={2},
  pages={268--280},
  year={2012},
  publisher={Springer}
}

@article{beloglazov2012energy,
  title={Energy-aware resource allocation heuristics for efficient management of data centers for cloud computing},
  author={Beloglazov, Anton and Abawajy, Jemal and Buyya, Rajkumar},
  journal={Future generation computer systems},
  volume={28},
  number={5},
  pages={755--768},
  year={2012},
  publisher={Elsevier}
}

@article{avelar2012pue,
  title={PUEâ„¢: A Comprehensive Examination of the Metric},
  author={Avelar, Victor and Azevedo, Dan and French, Alan and Power, Emerson Network},
  journal={White paper},
  volume={49},
  year={2012}
}

@article{kliazovich2012greencloud,
  title={GreenCloud: a packet-level simulator of energy-aware cloud computing data centers},
  author={Kliazovich, Dzmitry and Bouvry, Pascal and Khan, Samee Ullah},
  journal={The Journal of Supercomputing},
  volume={62},
  number={3},
  pages={1263--1283},
  year={2012},
  publisher={Springer}
}

@article{hammadi2014survey,
  title={A survey on architectures and energy efficiency in data center networks},
  author={Hammadi, Ali and Mhamdi, Lotfi},
  journal={Computer Communications},
  volume={40},
  pages={1--21},
  year={2014},
  publisher={Elsevier}
}

@article{koomey2011growth,
  title={Growth in data center electricity use 2005 to 2010},
  author={Koomey, Jonathan},
  journal={A report by Analytical Press, completed at the request of The New York Times},
  pages={9},
  year={2011}
}

@article{koomey2008worldwide,
  title={Worldwide electricity used in data centers},
  author={Koomey, Jonathan G},
  journal={Environmental Research Letters},
  volume={3},
  number={3},
  pages={034008},
  year={2008},
  publisher={IOP Publishing}
}

@inproceedings{patterson2008effect,
  title={The effect of data center temperature on energy efficiency},
  author={Patterson, Michael K},
  booktitle={Thermal and Thermomechanical Phenomena in Electronic Systems, 2008. ITHERM 2008. 11th Intersociety Conference on},
  pages={1167--1174},
  year={2008},
  organization={IEEE}
}

@article{berl2010energy,
  title={Energy-efficient cloud computing},
  author={Berl, Andreas and Gelenbe, Erol and Di Girolamo, Marco and Giuliani, Giovanni and De Meer, Hermann and Dang, Minh Quan and Pentikousis, Kostas},
  journal={The computer journal},
  volume={53},
  number={7},
  pages={1045--1051},
  year={2010},
  publisher={Br Computer Soc}
}

@article{buyya2010energy,
  title={Energy-efficient management of data center resources for cloud computing: A vision, architectural elements, and open challenges},
  author={Buyya, Rajkumar and Beloglazov, Anton and Abawajy, Jemal},
  journal={arXiv preprint arXiv:1006.0308},
  year={2010}
}

@inproceedings{liu2009greencloud,
  title={GreenCloud: a new architecture for green data center},
  author={Liu, Liang and Wang, Hao and Liu, Xue and Jin, Xing and He, Wen Bo and Wang, Qing Bo and Chen, Ying},
  booktitle={Proceedings of the 6th international conference industry session on Autonomic computing and communications industry session},
  pages={29--38},
  year={2009},
  organization={ACM}
}

@inproceedings{srikantaiah2008energy,
  title={Energy aware consolidation for cloud computing},
  author={Srikantaiah, Shekhar and Kansal, Aman and Zhao, Feng},
  booktitle={Proceedings of the 2008 conference on Power aware computing and systems},
  volume={10},
  year={2008},
  organization={San Diego, California}
}



%%%%%%%%%%%%%%%%%%%%%%%%%%%%%%%%%%%%%%%%%%%%%%%%%%%
%%%%%%%%%%				 Energy Markets			 %%%%%%%%%%%%
%%%%%%%%%%%%%%%%%%%%%%%%%%%%%%%%%%%%%%%%%%%%%%%%%%%



@book{lambert2001creating,
  title={Creating competitive power markets: the PJM model},
  author={Lambert, Jeremiah D},
  year={2001},
  publisher={PennWell Books}
}

@article{onaiwu2009does,
  title={How does bilateral trading differ from electricity pooling},
  author={Onaiwu, EGHEOSA},
  journal={Universisty of Dundee},
  year={2009}
}

@article{mugele2005stable,
  title={Stable modeling of different European power markets},
  author={Mugele, Christian and Rachev, Svetlozar and Tr{\"u}ck, Stefan},
  journal={Investment Management \& Financial Innovations},
  volume={2},
  number={3},
  year={2005}
}

@book{kalverboer2001electricity,
  title={Electricity transmission pricing and technology},
  author={Kalverboer, AF and Gramsbergen, A},
  year={2001},
  publisher={Springer Science \& Business Media}
}

@article{hogan1993competitive,
  title={A competitive electricity market model},
  author={Hogan, William W},
  journal={Harvard Electricity Policy Group},
  year={1993}
}

@article{albadi2008summary,
  title={A summary of demand response in electricity markets},
  author={Albadi, Mohamed H and El-Saadany, EF},
  journal={Electric power systems research},
  volume={78},
  number={11},
  pages={1989--1996},
  year={2008},
  publisher={Elsevier}
}

@article{hogan1997reshaping,
  title={Reshaping the electricity industry},
  author={Hogan, William},
  journal={JFK School of Government, Harvard University, http://ksghome. harvard. edu/\~{}. whogan. cbg. ksg/hiid797a. pdf},
  year={1997}
}

@inproceedings{barroso2005classification,
  title={Classification of electricity market models worldwide},
  author={Barroso, Luiz Augusto and Cavalcanti, Te{\'o}filo H and Giesbertz, Paul and Purchala, Konrad},
  booktitle={CIGRE/IEEE PES, 2005. International Symposium},
  pages={9--16},
  year={2005},
  organization={IEEE}
}



%%%%%%%%%%%%%%%%%%%%%%%%%%%%%%%%%%%%%%%%%%%%%%%%%%%%%%%
%%%%%%%%%%				 Electricity Pricing			 %%%%%%%%%%
%%%%%%%%%%%%%%%%%%%%%%%%%%%%%%%%%%%%%%%%%%%%%%%%%%%%%%%



@incollection{guler2013cutting,
  title={Cutting Down the Energy Cost of Geographically Distributed Cloud Data Centers},
  author={Guler, Huseyin and Cambazoglu, B Barla and Ozkasap, Oznur},
  booktitle={Energy Efficiency in Large Scale Distributed Systems},
  pages={279--286},
  year={2013},
  publisher={Springer}
}

@inproceedings{qureshi2009cutting,
  title={Cutting the electric bill for internet-scale systems},
  author={Qureshi, Asfandyar and Weber, Rick and Balakrishnan, Hari and Guttag, John and Maggs, Bruce},
  booktitle={ACM SIGCOMM Computer Communication Review},
  volume={39},
  number={4},
  pages={123--134},
  year={2009},
  organization={ACM}
}

@incollection{de2013study,
  title={A Study of Electricity Price Features on Distributed Internet Data Centers},
  author={De Cauwer, Milan and Oâ€™Sullivan, Barry},
  booktitle={Economics of Grids, Clouds, Systems, and Services},
  pages={60--73},
  year={2013},
  publisher={Springer}
}

@inproceedings{rao2010minimizing,
  title={Minimizing electricity cost: optimization of distributed internet data centers in a multi-electricity-market environment},
  author={Rao, Lei and Liu, Xue and Xie, Le and Liu, Wenyu},
  booktitle={INFOCOM, 2010 Proceedings IEEE},
  pages={1--9},
  year={2010},
  organization={IEEE}
}

@article{greenberg2008cost,
  title={The cost of a cloud: research problems in data center networks},
  author={Greenberg, Albert and Hamilton, James and Maltz, David A and Patel, Parveen},
  journal={ACM SIGCOMM computer communication review},
  volume={39},
  number={1},
  pages={68--73},
  year={2008},
  publisher={ACM}
}

@article{huisman2007hourly,
  title={Hourly electricity prices in day-ahead markets},
  author={Huisman, Ronald and Huurman, Christian and Mahieu, Ronald},
  journal={Energy Economics},
  volume={29},
  number={2},
  pages={240--248},
  year={2007},
  publisher={Elsevier}
}

@article{weron2004modeling,
  title={Modeling electricity prices: jump diffusion and regime switching},
  author={Weron, Rafa{\l} and Bierbrauer, Michael and Tr{\"u}ck, Stefan},
  journal={Physica A: Statistical Mechanics and its Applications},
  volume={336},
  number={1},
  pages={39--48},
  year={2004},
  publisher={Elsevier}
}

@inproceedings{le2011reducing,
  title={Reducing electricity cost through virtual machine placement in high performance computing clouds},
  author={Le, Kien and Bianchini, Ricardo and Zhang, Jingru and Jaluria, Yogesh and Meng, Jiandong and Nguyen, Thu D},
  booktitle={Proceedings of 2011 International Conference for High Performance Computing, Networking, Storage and Analysis},
  pages={22},
  year={2011},
  organization={ACM}
}

@inproceedings{lucanin2013take,
  title={Take a break: cloud scheduling optimized for real-time electricity pricing},
  author={Lucanin, Dra{\v{z}}en and Brandic, Ivona},
  booktitle={Cloud and Green Computing (CGC), 2013 Third International Conference on},
  pages={113--120},
  year={2013},
  organization={IEEE}
}

@inproceedings{alfeld2012toward,
  title={Toward an analytic framework for the electrical power grid},
  author={Alfeld, Scott and Barford, Carol and Barford, Paul},
  booktitle={Proceedings of the 3rd International Conference on Future Energy Systems: Where Energy, Computing and Communication Meet},
  pages={9},
  year={2012},
  organization={ACM}
}

@article{tierney2008uniform,
  title={Uniform-Pricing versus Pay-as-Bid in Wholesale Electricity Markets: Does it Make a Difference?},
  author={Tierney, Susan F and Schatzki, Todd and Mukerji, Rana},
  journal={New York ISO},
  year={2008},
  publisher={Citeseer}
}

@ONLINE{java96,
    author = {{Joe Black}},
    title = {Foobar 1.0},
    year = {2014},
    url = {https://www.bitkom.org/Bitkom/Publikationen/Rechenzentren-in-Deutschland-Wirtschaftliche-Bedeutung-und-Wettbewerbssituation.html},
    urldate = {2016-02-28},
    sortname = {Sun},
    keywords = {www}
}

@misc{bitcom2014study,
  author = {bitcom},
  title = {Rechenzentren in Deutschland: Wirtschaftliche Bedeutung und Wettbewerbssituation},
  howpublished = {\url{https://www.bitkom.org/Bitkom/Publikationen/Rechenzentren-in-Deutschland-Wirtschaftliche-Bedeutung-und-Wettbewerbssituation.html}},
  year = {2014}, 
  note = {Online; accessed 28-February-2016}
}

@misc{google2015dc,
  author = {Google},
  title = {Google data center efficiency},
  howpublished = {\url{http://www.google.com/about/datacenters/efficiency/internal/}},
  note = {Online; accessed 28-February-2016}
}

@misc{dcw2013optimizing,
  author = {Data Center World},
  title = {Data Center Trends: Optimizing power markets},
  howpublished = {\url{http://www.datacenterworld.com/fall2013/account/Uploader/uploader\_files/show/335/}},
	year = {2013}, 
  note = {Online; accessed 28-February-2016}
}




%%%%%%%%%%%%%%%%%%%%%%%%%%%%%%%%%%%%%%%%%%%%%%%%%
%%%%%%%%%%				 Forecasting			 %%%%%%%%%%%%
%%%%%%%%%%%%%%%%%%%%%%%%%%%%%%%%%%%%%%%%%%%%%%%%%



@article{li2007day,
  title={Day-ahead electricity price forecasting in a grid environment},
  author={Li, Guang and Liu, Chen-Ching and Mattson, Chris and Lawarree, Jacques},
  journal={Power Systems, IEEE Transactions on},
  volume={22},
  number={1},
  pages={266--274},
  year={2007},
  publisher={IEEE}
}

@article{raviv2013forecasting,
  title={Forecasting day-ahead electricity prices: Utilizing hourly prices},
  author={Raviv, Eran and Bouwman, Kees E and Van Dijk, Dick JC},
  year={2013},
  publisher={Tinbergen Institute Discussion Paper 13-068/III}
}

@article{gareta2006forecasting,
  title={Forecasting of electricity prices with neural networks},
  author={Gareta, Raquel and Romeo, Luis M and Gil, Antonia},
  journal={Energy Conversion and Management},
  volume={47},
  number={13},
  pages={1770--1778},
  year={2006},
  publisher={Elsevier}
}

@article{szkuta1999electricity,
  title={Electricity price short-term forecasting using artificial neural networks},
  author={Szkuta, BR and Sanabria, LA and Dillon, TS},
  journal={Power Systems, IEEE Transactions on},
  volume={14},
  number={3},
  pages={851--857},
  year={1999},
  publisher={IEEE}
}

@misc{makridakisforecasting,
  title={Forecasting: methods and applications. 1998},
  author={Makridakis, Spyros and Wheelwright, Steven C and Hyndman, Rob J},
  publisher={Wiley, New York}
}

@inproceedings{weron2005forecasting,
  title={Forecasting spot electricity prices with time series models},
  author={Weron, Rafal and Misiorek, Adam},
  booktitle={Proceedings of the European Electricity Market EEM-05 Conference},
  pages={133--141},
  year={2005}
}

@article{weron2008forecasting,
  title={Forecasting spot electricity prices: A comparison of parametric and semiparametric time series models},
  author={Weron, Rafa{\l} and Misiorek, Adam},
  journal={International Journal of Forecasting},
  volume={24},
  number={4},
  pages={744--763},
  year={2008},
  publisher={Elsevier}
}

@article{makridakis1989combining,
  title={Why combining works?},
  author={Makridakis, Spyros},
  journal={International Journal of Forecasting},
  volume={5},
  number={4},
  pages={601--603},
  year={1989},
  publisher={Elsevier}
}



%%%%%%%%%%%%%%%%%%%%%%%%%%%%%%%%%%%%%%%%%%%%%%%%%%%%%
%%%%%%%%%%				 Machine Learning			 %%%%%%%%%%%%
%%%%%%%%%%%%%%%%%%%%%%%%%%%%%%%%%%%%%%%%%%%%%%%%%%%%%



@article{ahmed2010empirical,
  title={An empirical comparison of machine learning models for time series forecasting},
  author={Ahmed, Nesreen K and Atiya, Amir F and Gayar, Neamat El and El-Shishiny, Hisham},
  journal={Econometric Reviews},
  volume={29},
  number={5-6},
  pages={594--621},
  year={2010},
  publisher={Taylor \& Francis}
}

@incollection{bontempi2013machine,
  title={Machine learning strategies for time series forecasting},
  author={Bontempi, Gianluca and Taieb, Souhaib Ben and Le Borgne, Yann-A{\"e}l},
  booktitle={Business Intelligence},
  pages={62--77},
  year={2013},
  publisher={Springer}
}

@article{lin2012pattern,
  title={Pattern recognition in time series},
  author={Lin, Jessica and Williamson, Sheri and Borne, Kirk and DeBarr, David},
  journal={Advances in Machine Learning and Data Mining for Astronomy},
  volume={1},
  pages={617--645},
  year={2012},
  publisher={Citeseer}
}


