
@article{qureshi2009cutting,
  title={Cutting the electric bill for internet-scale systems},
  author={Qureshi, Asfandyar and Weber, Rick and Balakrishnan, Hari and Guttag, John and Maggs, Bruce},
  journal={ACM SIGCOMM Computer Communication Review},
  volume={39},
  number={4},
  pages={123--134},
  year={2009},
  publisher={ACM}
}

@book{weron2007modeling,
  title={Modeling and forecasting electricity loads and prices: A statistical approach},
  author={Weron, Rafal},
  volume={403},
  year={2007},
  publisher={John Wiley \& Sons}
}

@misc{makridakisforecasting,
  title={Forecasting: methods and applications. 1998},
  author={Makridakis, Spyros and Wheelwright, Steven C and Hyndman, Rob J},
  publisher={Wiley, New York}
}



%
%-----------------------------------------------------------------------------------------------
%
%SAMPLES

@online{gartner2007gartner,
author = {Gartner},
title = {Gartner estimates ict industry accounts for 2 percent of global CO2 emissions},
month = Apr,
year = {2007},
url = {http://www.gartner.com/it/page.jsp?id=503867},
note = {Last accessed: 26th Dezember 2013}
} 

@inproceedings{celesti2010improving,
  title={Improving virtual machine migration in federated Cloud environments},
  author={Celesti, Antonio and Tusa, Francesco and Villari, Massimo and Puliafito, Antonio},
  booktitle={Evolving Internet (INTERNET), 2010 Second International Conference on},
  pages={61--67},
  year={2010},
  organization={IEEE}
}

@article{ahmed2010empirical,
  title={An empirical comparison of machine learning models for time series forecasting},
  author={Ahmed, Nesreen K and Atiya, Amir F and Gayar, Neamat El and El-Shishiny, Hisham},
  journal={Econometric Reviews},
  volume={29},
  number={5-6},
  pages={594--621},
  year={2010},
  publisher={Taylor \& Francis}
}

@article{lin2011pattern,
  title={Pattern Recognition in Time Series},
  author={Lin, Jessica and Williamson, Sheri and Borne, K and DeBarr, David},
  journal={Advances in Machine Learning and Data Mining for Astronomy},
  pages = {617--646},
  year={2011}
}

@incollection{guler2013cutting,
  title={Cutting Down the Energy Cost of Geographically Distributed Cloud Data Centers},
  author={Guler, Huseyin and Cambazoglu, B Barla and Ozkasap, Oznur},
  booktitle={Energy Efficiency in Large Scale Distributed Systems},
  pages={279--286},
  month=Apr,
  year={2013},
  publisher={Springer Berlin Heidelberg}
}

@inproceedings{le2011reducing,
  title={Reducing electricity cost through virtual machine placement in high performance computing clouds},
  author={Le, Kien and Bianchini, Ricardo and Zhang, Jingru and Jaluria, Yogesh and Meng, Jiandong and Nguyen, Thu D},
  booktitle={Proceedings of 2011 International Conference for High Performance Computing, Networking, Storage and Analysis},
  pages={22},
  year={2011},
  organization={ACM}
}

@inproceedings{lucanin2013take,
  title={Take a break: cloud scheduling optimized for real-time electricity pricing},
  author={Lu\v{c}anin, Dra\v{z}en and Brandic, Ivona},
  booktitle={Cloud and Green Computing (CGC), 2013 Third International Conference on},
  pages={113--120},
  year={2013},
  organization={IEEE}
}

@inproceedings{malet2010resource,
  title={Resource allocation across multiple cloud data centres},
  author={Malet, Barnaby and Pietzuch, Peter},
  booktitle={Proceedings of the 8th International Workshop on Middleware for Grids, Clouds and e-Science},
  pages={5},
  year={2010},
  organization={ACM}
}

@inproceedings{agarwal2010volley,
  title={Volley: Automated Data Placement for Geo-Distributed Cloud Services.},
  author={Agarwal, Sharad and Dunagan, John and Jain, Navendu and Saroiu, Stefan and Wolman, Alec and Bhogan, Harbinder},
  booktitle={NSDI},
  pages={17--32},
  year={2010}
}

@article{buyya2009cloud,
  title={Cloud computing and emerging IT platforms: Vision, hype, and reality for delivering computing as the 5th utility},
  author={Buyya, Rajkumar and Yeo, Chee Shin and Venugopal, Srikumar and Broberg, James and Brandic, Ivona},
  journal={Future Generation computer systems},
  volume={25},
  number={6},
  pages={599--616},
  year={2009},
  publisher={Elsevier}
}

@online{curriculum2013curriculum,
  title =        {Curriculum for Software Engineering and Internet Computing},
  url =          {http://www.informatik.tuwien.ac.at/studium/angebot/studienplaene/informatik-archiv/informatik-studienplan-2013/066937-SP-2013-Mas_Software_Engineering_und_Internet_Computing.pdf},
  note = {Last accessed: 26th November 2013}
}

